@article{mohamed_yousffi_archi,
  title={Blog 1 : D'une Architecture Monolithique vers une Architecture Micro-Services},
  author={Mohamed Youssfi},
  booktitle={Adria Business and Technology},
  year={2022},
  url={https://adria-bt.com/en/challenges-et-bonnes-pratiques-de-mise-en-oeuvre-des-architectures-micro/}
}

@article{lewis_fowler_2014,
  author={James Lewis and Martin Fowler},
  title={Microservices: A Definition of This New Architectural Term},
  year={2014},
  journal={Scientific Research},
  url={https://martinfowler.com/microservices/}
}

@inproceedings{_defis_wizenty_sorgalla_rademacher_sachweh_2017,
  author={Philip Wizenty and Jonas Sorgalla and Florian Rademacher and Sabine Sachweh},
  title={Magma: Build Management-Based Generation of Microservice Infrastructures},
  booktitle={Proceedings of the 11th European Conference on Software Architecture: Companion Proceedings},
  pages={61-65},
  year={2017}
}

@incollection{_defis_bares_garriga_2020,
  author={Luciano Baresi and Martin Garriga},
  title={Microservices: The Evolution and Extinction of Web Services?},
  booktitle={Microservices: Science and Engineering},
  pages={3--28},
  year={2020}
}

@mastersthesis{kuimo_2023,
  author = {KUIMO KAMGO Christian Browndon},
  title = {Approche d'Ingénierie Dirigée par les Modèles pour la Conception, la Génération et l'Orchestration des Microservices},
  school = {Université de Yaoundé I},
  year = {2023},
  address = {Yaoundé, Cameroun},
  note = {Mémoire de Master Recherche en Informatique, Option Génie Logiciel et Systèmes d'Informations}
}

@article{giamattei2024,
  author    = {L. Giamattei and A. Guerriero and R. Pietrantuono and S. Russo and I. Malavolta and T. Islam and M. Dînga and A. Koziolek and S. Singh and M. Armbruster and J. M. Gutierrez-Martinez and S. Caro-Alvaro and D. Rodriguez and S. Weber and J. Henss and E. Fernandez Vogelin and F. Simon Panojo},
  title     = {Monitoring tools for DevOps and microservices: A systematic grey literature review},
  journal   = {The Journal of Systems and Software},
  volume    = {208},
  pages     = {111906},
  year      = {2024},
  publisher = {Elsevier Inc.},
  doi       = {10.1016/j.jss.2023.111906},
  url       = {https://doi.org/10.1016/j.jss.2023.111906}
}

@article{nobre2023,
  author    = {João Nobre and E. J. Solteiro Pires and Arsénio Reis},
  title     = {Anomaly Detection in Microservice-Based Systems},
  journal   = {Applied Sciences},
  volume    = {13},
  number    = {7891},
  year      = {2023},
  doi       = {10.3390/app13137891},
  url       = {https://doi.org/10.3390/app13137891}
}

@inproceedings{chen2020robust,
  author    = {Z. Chen and others},
  title     = {Robust anomaly detection for multivariate time series through stochastic recurrent neural network},
  booktitle = {Proceedings of the 26th ACM SIGKDD},
  year      = {2020}
}

@inproceedings{muruti2023_detectio_anomalies_generalite,
  author    = {Gopinath Muruti and Fiza Abdul Rahim and Zul-Azri bin Ibrahim},
  title     = {A Survey on Anomalies Detection Techniques and Measurement Methods},
  booktitle = {2018 IEEE Conference on Applications, Information and Network Security (AINS)},
  year      = {2023},
  publisher = {IEEE},
  doi       = {https://doi.org/10.1109/AINS.2018.8631436}
}

@article{behera2023_model_of_anomalie,
  author    = {Anukampa Behera and Chhabi Rani Panigrahi and Rohit Patel},
  title     = {A Comparative Analysis of Anomaly Detection from Microservice Generated Unstructured Logs},
  journal   = {International Journal of Advanced Research in Computer Science},
  volume    = {14},
  number    = {6},
  pages     = {54--59},
  year      = {2023},
  doi       = {10.26483/ijarcs.v14i6.7036},
  url       = {https://www.researchgate.net/publication/377448760}
}

@inproceedings{silva2022_auto_encodeur,
  author    = {Manul de Silva and Sashika Mahadura and Sam Daniel and Lakmal Rupasinghe and Manith Kumarapeli and Chethana Liyanapathirana},
  title     = {Anomaly Detection in Microservice Systems Using Autoencoders},
  booktitle = {2022 4th International Conference on Advancements in Computing (ICAC)},
  year      = {2022},
  pages     = {488--493},
  publisher = {IEEE},
  doi       = {10.1109/ICAC57685.2022.10025259},
  url       = {https://doi.org/10.1109/ICAC57685.2022.10025259}
}

@inproceedings{Morais2023_mttd_mttr,
  author    = {Mayurí A. Morais},
  title     = {Real-time Incident Detection in Public Bus Systems Using Machine Learning},
  booktitle = {2023 IEEE 26th International Conference on Intelligent Transportation Systems (ITSC)},
  year      = {2023},
  publisher = {IEEE},
  doi       = {10.1109/ITSC57777.2023.10422471},
}