@article{mohamed_yousffi_archi,
  title={Blog 1 : D'une Architecture Monolithique vers une Architecture Micro-Services},
  author={Mohamed Youssfi},
  journal={Adria Business and Technology},
  year={2022},
  url={https://adria-bt.com/en/challenges-et-bonnes-pratiques-de-mise-en-oeuvre-des-architectures-micro/}
}

@inproceedings{Raeiszadeh2023,
  author    = {Mahsa Raeiszadeh and Amin Ebrahimzadeh and Ahsan Saleem and Roch H. Glitho and Johan Eker and Raquel A. F. Mini},
  title     = {Real-Time Anomaly Detection Using Distributed Tracing in Microservice Cloud Applications},
  booktitle = {2023 IEEE International Conference on Intelligent Transportation Systems (ITSC)},
  year      = {2023},
  publisher = {IEEE},
  doi       = {10.1109/ITSC57777.2023.10422471},
}

@inproceedings{bogatinovski2020,
  author={J. Bogatinovski and et al.},
  title={Self-Supervised Anomaly Detection in Microservices using Distributed Traces},
  booktitle={IEEE International Conference on Cloud Computing},
  year={2020},
  pages={180-187}
}

@inproceedings{grambow2020,
  author={K. Grambow and et al.},
  title={Using LSTM Autoencoders for Anomaly Detection in Kubernetes},
  booktitle={IEEE International Conference on Cloud Engineering},
  year={2020},
  pages={172-178}
}

@article{lewis_fowler_2014,
  author={James Lewis and Martin Fowler},
  title={Microservices: A Definition of This New Architectural Term},
  year={2014},
  journal={Scientific Research},
  url={https://martinfowler.com/microservices/}
}

@inproceedings{_defis_wizenty_sorgalla_rademacher_sachweh_2017,
  author={Philip Wizenty and Jonas Sorgalla and Florian Rademacher and Sabine Sachweh},
  title={Magma: Build Management-Based Generation of Microservice Infrastructures},
  booktitle={Proceedings of the 11th European Conference on Software Architecture: Companion Proceedings},
  pages={61-65},
  year={2017}
}

@incollection{_defis_bares_garriga_2020,
  author={Luciano Baresi and Martin Garriga},
  title={Microservices: The Evolution and Extinction of Web Services?},
  booktitle={Microservices: Science and Engineering},
  pages={3--28},
  year={2020}
}

@article{giamattei2024,
  author    = {L. Giamattei and A. Guerriero and R. Pietrantuono et al},
  title     = {Monitoring tools for DevOps and microservices: A systematic grey literature review},
  journal   = {The Journal of Systems and Software},
  volume    = {208},
  pages     = {111906},
  year      = {2024},
  publisher = {Elsevier Inc.},
  doi       = {10.1016/j.jss.2023.111906},
  url       = {https://doi.org/10.1016/j.jss.2023.111906}
}

@article{nobre2023,
  author    = {João Nobre and E. J. Solteiro Pires and Arsénio Reis},
  title     = {Anomaly Detection in Microservice-Based Systems},
  journal   = {Applied Sciences},
  year      = {2023},
  volume    = {13},
  pages     = {7891},
  doi       = {10.3390/app13137891},
  url       = {https://doi.org/10.3390/app13137891},
  note      = {Dataset available at: https://doi.org/10.6084/m9.figshare.22726298;}
}

@inproceedings{chen2020robust,
  author    = {Z. Chen and others},
  title     = {Robust anomaly detection for multivariate time series through stochastic recurrent neural network},
  booktitle = {Proceedings of the 26th ACM SIGKDD},
  year      = {2020}
}

@inproceedings{muruti2023_detectio_anomalies_generalite,
  author    = {Gopinath Muruti and Fiza Abdul Rahim and Zul-Azri bin Ibrahim},
  title     = {A Survey on Anomalies Detection Techniques and Measurement Methods},
  booktitle = {2018 IEEE Conference on Applications, Information and Network Security (AINS)},
  year      = {2023},
  publisher = {IEEE},
  doi       = {https://doi.org/10.1109/AINS.2018.8631436}
}

@article{behera2023_model_of_anomalie,
  author    = {Anukampa Behera and Chhabi Rani Panigrahi and Rohit Patel},
  title     = {A Comparative Analysis of Anomaly Detection from Microservice Generated Unstructured Logs},
  journal   = {International Journal of Advanced Research in Computer Science},
  volume    = {14},
  number    = {6},
  pages     = {54--59},
  year      = {2023},
  doi       = {10.26483/ijarcs.v14i6.7036},
  url       = {https://www.researchgate.net/publication/377448760}
}

@inproceedings{silva2022_auto_encodeur,
  author    = {Manul de Silva and Sashika Mahadura and Sam Daniel and Lakmal Rupasinghe and Manith Kumarapeli and Chethana Liyanapathirana},
  title     = {Anomaly Detection in Microservice Systems Using Autoencoders},
  booktitle = {2022 4th International Conference on Advancements in Computing (ICAC)},
  year      = {2022},
  pages     = {488--493},
  publisher = {IEEE},
  doi       = {10.1109/ICAC57685.2022.10025259},
  url       = {https://doi.org/10.1109/ICAC57685.2022.10025259}
}

@inproceedings{Morais2023_mttd_mttr,
  author    = {Mayurí A. Morais},
  title     = {Real-time Incident Detection in Public Bus Systems Using Machine Learning},
  booktitle = {2023 IEEE 26th International Conference on Intelligent Transportation Systems (ITSC)},
  year      = {2023},
  publisher = {IEEE},
  doi       = {10.1109/ITSC57777.2023.10422471},
}